% Encoding: UTF-8

@book{van1992stochastic,
  title={Stochastic processes in physics and chemistry},
  author={Van Kampen, Nicolaas Godfried},
  volume={1},
  year={1992},
  publisher={Elsevier}
}
@article{prinz2011markov,
  title={Markov models of molecular kinetics: Generation and validation},
  author={Prinz, Jan-Hendrik and Wu, Hao and Sarich, Marco and Keller, Bettina and Senne, Martin and Held, Martin and Chodera, John D and Sch{\"u}tte, Christof and No{\'e}, Frank},
  journal={The Journal of chemical physics},
  volume={134},
  number={17},
  pages={174105},
  year={2011},
  publisher={AIP}
}

@article{weber2017eigenvalues,
  title={Eigenvalues of non-reversible markov chains--a case study},
  author={Weber, Marcus},
  year={2017}
}

@incollection{jaynes1985macroscopic,
  title={Macroscopic prediction},
  author={Jaynes, Edwin Thompson},
  booktitle={Complex Systems—Operational Approaches in Neurobiology, Physics, and Computers},
  pages={254--269},
  year={1985},
  publisher={Springer}
}

@article{boltzmann1896vorlesungen,
  title={Vorlesungen {\"u}ber {G}astheorie, 2 vols},
  author={Boltzmann, Ludwig},
  journal={Barth, Leipzig},
  volume={1898},
  year={1896}
}


@article{shannon1948mathematical,
  title={A mathematical theory of communication},
  author={Shannon, Claude Elwood},
  journal={Bell system technical journal},
  volume={27},
  number={3},
  pages={379--423},
  year={1948},
  publisher={Wiley Online Library}
}

@article{jaynes1957information,
  title={Information theory and statistical mechanics},
  author={Jaynes, Edwin Thompson},
  journal={Physical review},
  volume={106},
  number={4},
  pages={620},
  year={1957},
  publisher={APS}
}

@article{ilic2014generalized,
  title={Generalized {S}hannon--{K}hinchin axioms and uniqueness theorem for pseudo-additive entropies},
  author={Ili{\'c}, Velimir M and Stankovi{\'c}, Miomir S},
  journal={Physica A: Statistical Mechanics and its Applications},
  volume={411},
  pages={138--145},
  year={2014},
  publisher={Elsevier}
}

@book{maes2018non,
  title={Non-dissipative effects in nonequilibrium systems},
  author={Maes, Christian},
  year={2018},
  publisher={Springer}
}
@article{dixit2018perspective,
  title={Perspective: Maximum caliber is a general variational principle for dynamical systems},
  author={Dixit, Purushottam D and Wagoner, Jason and Weistuch, Corey and Press{\'e}, Steve and Ghosh, Kingshuk and Dill, Ken A},
  journal={The Journal of chemical physics},
  volume={148},
  number={1},
  pages={010901},
  year={2018},
  publisher={AIP Publishing LLC}
}
@article{jack2016absence,
  title={Absence of dissipation in trajectory ensembles biased by currents},
  author={Jack, Robert L and Evans, RML},
  journal={Journal of Statistical Mechanics: Theory and Experiment},
  volume={2016},
  number={9},
  pages={093305},
  year={2016},
  publisher={IOP Publishing}
}
@article{agozzino2019minimal,
  title={Minimal constraints for maximum caliber analysis of dissipative steady-state systems},
  author={Agozzino, Luca and Dill, Ken A},
  journal={Physical Review E},
  volume={100},
  number={1},
  pages={010105},
  year={2019},
  publisher={APS}
}

@article{shore1980axiomatic,
  title={Axiomatic derivation of the principle of maximum entropy and the principle of minimum cross-entropy},
  author={Shore, John and Johnson, Rodney},
  journal={IEEE Transactions on information theory},
  volume={26},
  number={1},
  pages={26--37},
  year={1980},
  publisher={IEEE}
}

@article{ferrenberg1988new,
  title={New {M}onte {C}arlo technique for studying phase transitions},
  author={Ferrenberg, Alan M and Swendsen, Robert H},
  journal={Physical review letters},
  volume={61},
  number={23},
  pages={2635},
  year={1988},
  publisher={APS}
}
@article{bennett1982thermodynamics,
  title={The thermodynamics of computation—a review},
  author={Bennett, Charles H},
  journal={International Journal of Theoretical Physics},
  volume={21},
  number={12},
  pages={905--940},
  year={1982},
  publisher={Springer}
}
@book{flory1953principles,
  title={Principles of polymer chemistry},
  author={Flory, Paul J},
  year={1953},
  publisher={Cornell University Press}
}

@article{swope2004describing,
  title={Describing protein folding kinetics by molecular dynamics simulations. 2. Example applications to alanine dipeptide and a $\beta$-hairpin peptide},
  author={Swope, William C and Pitera, Jed W and Suits, Frank and Pitman, Mike and Eleftheriou, Maria and Fitch, Blake G and Germain, Robert S and Rayshubski, Aleksandr and Ward, TJ Christopher and Zhestkov, Yuriy and others},
  journal={The Journal of Physical Chemistry B},
  volume={108},
  number={21},
  pages={6582--6594},
  year={2004},
  publisher={ACS Publications}
}

@article{liphardt2002equilibrium,
  title={Equilibrium information from nonequilibrium measurements in an experimental test of {J}arzynski's equality},
  author={Liphardt, Jan and Dumont, Sophie and Smith, Steven B and Tinoco, Ignacio and Bustamante, Carlos},
  journal={Science},
  volume={296},
  number={5574},
  pages={1832--1835},
  year={2002},
  publisher={American Association for the Advancement of Science}
}

@article{blickle2006thermodynamics,
  title={Thermodynamics of a colloidal particle in a time-dependent nonharmonic potential},
  author={Blickle, Valentin and Speck, Thomas and Helden, Laurent and Seifert, Udo and Bechinger, Clemens},
  journal={Physical review letters},
  volume={96},
  number={7},
  pages={070603},
  year={2006},
  publisher={APS}
}


@article{metropolis1953equation,
  title={Equation of state calculations by fast computing machines},
  author={Metropolis, Nicholas and Rosenbluth, Arianna W and Rosenbluth, Marshall N and Teller, Augusta H and Teller, Edward},
  journal={The journal of chemical physics},
  volume={21},
  number={6},
  pages={1087--1092},
  year={1953},
  publisher={American Institute of Physics}
}

@article{alder1959studies,
  title={Studies in molecular dynamics. I. General method},
  author={Alder, Berni J and Wainwright, Thomas Everett},
  journal={The Journal of Chemical Physics},
  volume={31},
  number={2},
  pages={459--466},
  year={1959},
  publisher={American Institute of Physics}
}



@article{peter2009multiscale,
  title={Multiscale simulation of soft matter systems--from the atomistic to the coarse-grained level and back},
  author={Peter, Christine and Kremer, Kurt},
  journal={Soft Matter},
  volume={5},
  number={22},
  pages={4357--4366},
  year={2009},
  publisher={Royal Society of Chemistry}
}
@article{bradley2013coarse,
  title={Coarse-grained models for protein-cell membrane interactions},
  author={Bradley, Ryan and Radhakrishnan, Ravi},
  journal={Polymers},
  volume={5},
  number={3},
  pages={890--936},
  year={2013},
  publisher={Multidisciplinary Digital Publishing Institute}
}

@article{nuske2017markov,
  title={Markov state models from short non-equilibrium simulations—Analysis and correction of estimation bias},
  author={N{\"u}ske, Feliks and Wu, Hao and Prinz, Jan-Hendrik and Wehmeyer, Christoph and Clementi, Cecilia and No{\'e}, Frank},
  journal={The Journal of Chemical Physics},
  volume={146},
  number={9},
  pages={094104},
  year={2017},
  publisher={AIP Publishing LLC}
}

@article{dougherty1994foundations,
  title={Foundations of non-equilibrium statistical mechanics},
  author={Dougherty, John P},
  journal={Philosophical Transactions of the Royal Society of London. Series A: Physical and Engineering Sciences},
  volume={346},
  number={1680},
  pages={259--305},
  year={1994},
  publisher={The Royal Society London}
}

@article{seifert2008stochastic,
  title={Stochastic thermodynamics: principles and perspectives},
  author={Seifert, Udo},
  journal={The European Physical Journal B},
  volume={64},
  number={3-4},
  pages={423--431},
  year={2008},
  publisher={Springer}
}

@article{shen2008statistical,
  title={A statistical analysis of the precision of reweighting-based simulations},
  author={Shen, Tongye and Hamelberg, Donald},
  journal={The Journal of chemical physics},
  volume={129},
  number={3},
  pages={034103},
  year={2008},
  publisher={American Institute of Physics}
}

@article{presse2013principles,
  title={Principles of maximum entropy and maximum caliber in statistical physics},
  author={Press{\'e}, Steve and Ghosh, Kingshuk and Lee, Julian and Dill, Ken A},
  journal={Reviews of Modern Physics},
  volume={85},
  number={3},
  pages={1115},
  year={2013},
  publisher={APS}
}

@article{voelz2010molecular,
  title={Molecular simulation of ab initio protein folding for a millisecond folder {NTL9} (1- 39)},
  author={Voelz, Vincent A and Bowman, Gregory R and Beauchamp, Kyle and Pande, Vijay S},
  journal={Journal of the American Chemical Society},
  volume={132},
  number={5},
  pages={1526--1528},
  year={2010},
  publisher={ACS Publications}
}

@article{lindorff2011fast,
  title={How fast-folding proteins fold},
  author={Lindorff-Larsen, Kresten and Piana, Stefano and Dror, Ron O and Shaw, David E},
  journal={Science},
  volume={334},
  number={6055},
  pages={517--520},
  year={2011},
  publisher={American Association for the Advancement of Science}
}

@article{yang2008src,
  title={Src kinase conformational activation: thermodynamics, pathways, and mechanisms},
  author={Yang, Sichun and Roux, Beno{\^\i}t},
  journal={PLoS computational biology},
  volume={4},
  number={3},
  year={2008},
  publisher={Public Library of Science}
}
@article{plattner2015protein,
  title={Protein conformational plasticity and complex ligand-binding kinetics explored by atomistic simulations and Markov models},
  author={Plattner, Nuria and No{\'e}, Frank},
  journal={Nature communications},
  volume={6},
  pages={7653},
  year={2015},
  publisher={Nature Publishing Group}
}

@article{speck2007distribution,
  title={Distribution of entropy production for a colloidal particle in a nonequilibrium steady state},
  author={Speck, Thomas and Blickle, Valentin and Bechinger, Clemens and Seifert, Udo},
  journal={EPL (Europhysics Letters)},
  volume={79},
  number={3},
  pages={30002},
  year={2007},
  publisher={IOP Publishing}
}

@article{sekimoto1998langevin,
  title={Langevin equation and thermodynamics},
  author={Sekimoto, Ken},
  journal={Progress of Theoretical Physics Supplement},
  volume={130},
  pages={17--27},
  year={1998},
  publisher={Narnia}
}
@article{janke1998multicanonical,
  title={Multicanonical monte carlo simulations},
  author={Janke, Wolfhard},
  journal={Physica A: Statistical Mechanics and its Applications},
  volume={254},
  number={1-2},
  pages={164--178},
  year={1998},
  publisher={Elsevier}
}
@article{sugita1999replica,
  title={Replica-exchange molecular dynamics method for protein folding},
  author={Sugita, Yuji and Okamoto, Yuko},
  journal={Chemical physics letters},
  volume={314},
  number={1-2},
  pages={141--151},
  year={1999},
  publisher={Elsevier}
}

@article{laio2002escaping,
  title={Escaping free-energy minima},
  author={Laio, Alessandro and Parrinello, Michele},
  journal={Proceedings of the National Academy of Sciences},
  volume={99},
  number={20},
  pages={12562--12566},
  year={2002},
  publisher={National Acad Sciences}
}
@article{ma2017colloidal,
  title={Colloidal dynamics over a tilted periodic potential: Forward and reverse transition probabilities and entropy production in a nonequilibrium steady state},
  author={Ma, Xiao-guang and Su, Yun and Lai, Pik-Yin and Tong, Penger},
  journal={Physical Review E},
  volume={96},
  number={1},
  pages={012601},
  year={2017},
  publisher={APS}
}

@book{bowman2013introduction,
  title={An introduction to Markov state models and their application to long timescale molecular simulation},
  author={Bowman, Gregory R and Pande, Vijay S and No{\'e}, Frank},
  volume={797},
  year={2013},
  publisher={Springer Science \& Business Media}
}

@article{weber2015g,
  title={{G-PCCA}: Spectral clustering for non-reversible Markov chains},
  author={Weber, Marcus and Fackeldey, Konstantin},
  year={2015}
}
@article{deuflhard2005robust,
  title={Robust Perron cluster analysis in conformation dynamics},
  author={Deuflhard, Peter and Weber, Marcus},
  journal={Linear algebra and its applications},
  volume={398},
  pages={161--184},
  year={2005},
  publisher={Elsevier}
}


@article{deuflhard1998identification,
  title={Identification of almost invariant aggregates in reversible nearly uncoupled {M}arkov chains},
  author={Deuflhard, Peter and Huisinga, Wilhelm and Fischer, Alexander and Sch{\"u}tte, Christof},
  year={1998}
}

@article{polizzi2016mean,
  title={Mean First-Passage Times in Biology},
  author={Polizzi, Nicholas F and Therien, Michael J and Beratan, David N},
  journal={Israel journal of chemistry},
  volume={56},
  number={9-10},
  pages={816--824},
  year={2016},
  publisher={Wiley Online Library}
}

@article{suarez2016estimating,
  title={Estimating first-passage time distributions from weighted ensemble simulations and non-{Ma}rkovian analyses},
  author={Su{\'a}rez, Ernesto and Pratt, Adam J and Chong, Lillian T and Zuckerman, Daniel M},
  journal={Protein Science},
  volume={25},
  number={1},
  pages={67--78},
  year={2016},
  publisher={Wiley Online Library}
}

@article{wan2016maximum,
  title={A maximum-caliber approach to predicting perturbed folding kinetics due to mutations},
  author={Wan, Hongbin and Zhou, Guangfeng and Voelz, Vincent A},
  journal={Journal of chemical theory and computation},
  volume={12},
  number={12},
  pages={5768--5776},
  year={2016},
  publisher={ACS Publications}
}



@article{donati2018girsanov,
  title={Girsanov reweighting for metadynamics simulations},
  author={Donati, Luca and Keller, Bettina G},
  journal={The Journal of Chemical Physics},
  volume={149},
  number={7},
  pages={072335},
  year={2018},
  publisher={AIP Publishing LLC}
}


@article{khan1983mechanism,
  title={Mechanism of four-level laser action in solution excimer and excited-state proton-transfer cases},
  author={Khan, Ahsan U and Kasha, Michael},
  journal={Proceedings of the National Academy of Sciences},
  volume={80},
  number={6},
  pages={1767--1770},
  year={1983},
  publisher={National Acad Sciences}
}

@article{rohrdanz2013discovering,
  title={Discovering mountain passes via torchlight: Methods for the definition of reaction coordinates and pathways in complex macromolecular reactions},
  author={Rohrdanz, Mary A and Zheng, Wenwei and Clementi, Cecilia},
  journal={Annual review of physical chemistry},
  volume={64},
  pages={295--316},
  year={2013},
  publisher={Annual Reviews}
}
@article{rudzinski2015bottom,
  title={Bottom-up coarse-graining of peptide ensembles and helix--coil transitions},
  author={Rudzinski, Joseph F and Noid, William G},
  journal={Journal of chemical theory and computation},
  volume={11},
  number={3},
  pages={1278--1291},
  year={2015},
  publisher={ACS Publications}
}

@article{bereau2018accurate,
  title={Accurate structure-based coarse graining leads to consistent barrier-crossing dynamics},
  author={Bereau, Tristan and Rudzinski, Joseph F},
  journal={Physical review letters},
  volume={121},
  number={25},
  pages={256002},
  year={2018},
  publisher={APS}
}

@article{rudzinski2019recent,
  title={Recent progress towards chemically-specific coarse-grained simulation models with consistent dynamical properties},
  author={Rudzinski, Joseph F},
  journal={Computation},
  volume={7},
  number={3},
  pages={42},
  year={2019},
  publisher={Multidisciplinary Digital Publishing Institute}
}

@article{depa2005speed,
  title={Speed up of dynamic observables in coarse-grained molecular-dynamics simulations of unentangled polymers},
  author={Depa, Praveen K and Maranas, Janna K},
  journal={The Journal of chemical physics},
  volume={123},
  number={9},
  pages={094901},
  year={2005},
  publisher={American Institute of Physics}
}

@article{guenza2015thermodynamic,
  title={Thermodynamic consistency and other challenges in coarse-graining models},
  author={Guenza, M},
  journal={The European Physical Journal Special Topics},
  volume={224},
  number={12},
  pages={2177--2191},
  year={2015},
  publisher={Springer}
}


@article{meinel2020loss,
  title={Loss of molecular roughness upon coarse-graining predicts the artificially accelerated mobility of coarse-grained molecular simulation models},
  author={Meinel, Melissa K and M{\"u}ller-Plathe, Florian},
  journal={Journal of Chemical Theory and Computation},
  volume={16},
  number={3},
  pages={1411--1419},
  year={2020},
  publisher={ACS Publications}
}

@article{arrhenius1889dissociationswarme,
  title={{\"U}ber die {D}issociationsw{\"a}rme und den {E}influss der {T}emperatur auf den {D}issociationsgrad der {E}lektrolyte},
  author={Arrhenius, Svante},
  journal={Zeitschrift f{\"u}r physikalische Chemie},
  volume={4},
  number={1},
  pages={96--116},
  year={1889},
  publisher={De Gruyter Oldenbourg}
}

@article{park2009simple,
  title={A simple and fast algorithm for {K}-medoids clustering},
  author={Park, Hae-Sang and Jun, Chi-Hyuck},
  journal={Expert systems with applications},
  volume={36},
  number={2},
  pages={3336--3341},
  year={2009},
  publisher={Elsevier}
}

@article{likas2003global,
  title={The global k-means clustering algorithm},
  author={Likas, Aristidis and Vlassis, Nikos and Verbeek, Jakob J},
  journal={Pattern recognition},
  volume={36},
  number={2},
  pages={451--461},
  year={2003},
  publisher={Elsevier}
}

@booklet{StatMech,
  title        = {Introduction to Statistical Mechanics},
  author       = {Peter Eastman}, 
  howpublished = {CC BY-ND 4.0},
  year         = 2015
}
@book{schwabl2006statistische,
  title={Statistische Mechanik},
  author={Schwabl, F.},
  isbn={9783540310976},
  series={Springer-Lehrbuch},
  url={https://books.google.de/books?id=kuHbIADUYmoC},
  year={2006},
  publisher={Springer Berlin Heidelberg}
}
@article{pomeau2017langevin,
  title={The {L}angevin equation},
  author={Pomeau, Yves and Piasecki, Jaros{\l}aw},
  journal={Comptes Rendus Physique},
  volume={18},
  number={9-10},
  pages={570--582},
  year={2017},
  publisher={Elsevier}
}
@incollection{schutte2001transfer,
  title={Transfer operator approach to conformational dynamics in biomolecular systems},
  author={Sch{\"u}tte, Ch and Huisinga, Wilhelm and Deuflhard, Peter},
  booktitle={Ergodic theory, analysis, and efficient simulation of dynamical systems},
  pages={191--223},
  year={2001},
  publisher={Springer}
}

@article{janke2002statistical,
  title={Statistical analysis of simulations: Data correlations and error estimation},
  author={Janke, Wolfhard},
  journal={Quantum Simulations of Complex Many-Body Systems: From Theory to Algorithms},
  volume={10},
  pages={423--445},
  year={2002},
  publisher={Citeseer}
}

@incollection{janke2013monte,
  title={Monte {C}arlo simulations in statistical physics—From basic principles to advanced applications},
  author={Janke, Wolfhard},
  booktitle={Order, Disorder and Criticality: Advanced Problems of Phase Transition Theory Volume 3},
  pages={93--166},
  year={2013},
  publisher={World Scientific}
}

@article{soddemann2003dissipative,
  title={Dissipative particle dynamics: A useful thermostat for equilibrium and nonequilibrium molecular dynamics simulations},
  author={Soddemann, Thomas and D{\"u}nweg, Burkhard and Kremer, Kurt},
  journal={Physical Review E},
  volume={68},
  number={4},
  pages={046702},
  year={2003},
  publisher={APS}
}
@article{hoover1985canonical,
  title={Canonical dynamics: Equilibrium phase-space distributions},
  author={Hoover, William G},
  journal={Physical review A},
  volume={31},
  number={3},
  pages={1695},
  year={1985},
  publisher={APS}
}
@article{verlet1967computer,
  title={Computer \enquote{experiments} on classical fluids. I. Thermodynamical properties of {L}ennard-{J}ones molecules},
  author={Verlet, Loup},
  journal={Physical review},
  volume={159},
  number={1},
  pages={98},
  year={1967},
  publisher={APS}
}

@article{kutta1901beitrag,
  title={Beitrag zur naherungsweisen integration totaler differentialgleichungen},
  author={Kutta, Wilhelm},
  journal={Z. Math. Phys.},
  volume={46},
  pages={435--453},
  year={1901}
}
@article{derrida2007non,
  title={Non-equilibrium steady states: fluctuations and large deviations of the density and of the current},
  author={Derrida, Bernard},
  journal={Journal of Statistical Mechanics: Theory and Experiment},
  volume={2007},
  number={07},
  pages={P07023},
  year={2007},
  publisher={IOP Publishing}
}


@book{leff2014maxwell,
  title={Maxwell's demon: entropy, information, computing},
  author={Leff, Harvey S and Rex, Andrew F},
  year={2014},
  publisher={Princeton University Press}
}

@article{bennett1987demons,
  title={Demons, engines and the second law},
  author={Bennett, Charles H},
  journal={Scientific American},
  volume={257},
  number={5},
  pages={108--117},
  year={1987},
  publisher={JSTOR}
}

@article{landauer1961irreversibility,
  title={Irreversibility and heat generation in the computing process},
  author={Landauer, Rolf},
  journal={IBM journal of research and development},
  volume={5},
  number={3},
  pages={183--191},
  year={1961},
  publisher={Ibm}
}
@article{bennett2003notes,
  title={Notes on {L}andauer's principle, reversible computation, and {M}axwell's Demon},
  author={Bennett, Charles H},
  journal={Studies In History and Philosophy of Science Part B: Studies In History and Philosophy of Modern Physics},
  volume={34},
  number={3},
  pages={501--510},
  year={2003},
  publisher={Elsevier}
}

@article{hobson1973comparison,
  title={A comparison of the {S}hannon and {K}ullback information measures},
  author={Hobson, Arthur and Cheng, Bin-Kang},
  journal={Journal of Statistical Physics},
  volume={7},
  number={4},
  pages={301--310},
  year={1973},
  publisher={Springer}
}


@book{de1979scaling,
  title={Scaling concepts in polymer physics},
  author={De Gennes, Pierre-Gilles and Gennes, Pierre-Gilles},
  year={1979},
  publisher={Cornell university press}
}

@book{vanderzande1998lattice,
  title={Lattice models of polymers},
  author={Vanderzande, Carlo},
  volume={11},
  year={1998},
  publisher={Cambridge University Press}
}

@article{branch1999subspace,
  title={A subspace, interior, and conjugate gradient method for large-scale bound-constrained minimization problems},
  author={Branch, Mary Ann and Coleman, Thomas F and Li, Yuying},
  journal={SIAM Journal on Scientific Computing},
  volume={21},
  number={1},
  pages={1--23},
  year={1999},
  publisher={SIAM}
}

@techreport{more1980user,
  title={User guide for {MINPACK}-1},
  author={Mor{\'e}, Jorge J and Garbow, Burton S and Hillstrom, Kenneth E},
  year={1980},
  institution={CM-P00068642}
}

@article{zhu1997algorithm,
  title={Algorithm 778: {L-BFGS-B}: Fortran subroutines for large-scale bound-constrained optimization},
  author={Zhu, Ciyou and Byrd, Richard H and Lu, Peihuang and Nocedal, Jorge},
  journal={ACM Transactions on Mathematical Software (TOMS)},
  volume={23},
  number={4},
  pages={550--560},
  year={1997},
  publisher={ACM New York, NY, USA}
}

@article{wales1997global,
  title={Global optimization by basin-hopping and the lowest energy structures of {L}ennard-{J}ones clusters containing up to 110 atoms},
  author={Wales, David J and Doye, Jonathan PK},
  journal={The Journal of Physical Chemistry A},
  volume={101},
  number={28},
  pages={5111--5116},
  year={1997},
  publisher={ACS Publications}
}

@article{CrooksMicRev,
  title={Nonequilibrium measurements of free energy differences for microscopically reversible {M}arkovian systems},
  author={Crooks, Gavin E},
  journal={Journal of Statistical Physics},
  volume={90},
  number={5-6},
  pages={1481--1487},
  year={1998},
  publisher={Springer}
}
@article{seifert2005entropy,
  title={Entropy production along a stochastic trajectory and an integral fluctuation theorem},
  author={Seifert, Udo},
  journal={Physical review letters},
  volume={95},
  number={4},
  pages={040602},
  year={2005},
  publisher={APS}
}

@article{bause2019microscopic,
  title={Microscopic reweighting for nonequilibrium steady-state dynamics},
  author={Bause, Marius and Wittenstein, Timon and Kremer, Kurt and Bereau, Tristan},
  journal={Physical Review E},
  volume={100},
  number={6},
  pages={060103},
  year={2019},
  publisher={APS}
}

@book{leach2014fundamental,
  title={Fundamental principles of engineering nanometrology},
  author={Leach, Richard},
  year={2014},
  publisher={Elsevier}
}

@book{kaschke2013optical,
  title={Optical devices in ophthalmology and optometry: technology, design principles and clinical applications},
  author={Kaschke, Michael and Donnerhacke, Karl-Heinz and Rill, Michael Stefan},
  year={2013},
  publisher={John Wiley \& Sons}
}

@article{kramers1940brownian,
  title={Brownian motion in a field of force and the diffusion model of chemical reactions},
  author={Kramers, Hendrik Anthony},
  journal={Physica},
  volume={7},
  number={4},
  pages={284--304},
  year={1940},
  publisher={Elsevier}
}

@article{bowman2009progress,
  title={Progress and challenges in the automated construction of {M}arkov state models for full protein systems},
  author={Bowman, Gregory R and Beauchamp, Kyle A and Boxer, George and Pande, Vijay S},
  journal={The Journal of chemical physics},
  volume={131},
  number={12},
  pages={124101},
  year={2009},
  publisher={American Institute of Physics}
}

@article{lander2011mobility,
  title={Mobility and diffusion of a tagged particle in a driven colloidal suspension},
  author={Lander, Boris and Seifert, Udo and Speck, Thomas},
  journal={EPL (Europhysics Letters)},
  volume={92},
  number={5},
  pages={58001},
  year={2011},
  publisher={IOP Publishing}
}

@article{schafer2020data,
  title={Data Reweighting in Metadynamics Simulations},
  author={Scha{\"a}fer, Timo M and Settanni, Giovanni},
  journal={Journal of Chemical Theory and Computation},
  volume={16},
  number={4},
  pages={2042--2052},
  year={2020},
  publisher={ACS Publications}
}

@article{kumar1995multidimensional,
  title={Multidimensional free-energy calculations using the weighted histogram analysis method},
  author={Kumar, Shankar and Rosenberg, John M and Bouzida, Djamal and Swendsen, Robert H and Kollman, Peter A},
  journal={Journal of Computational Chemistry},
  volume={16},
  number={11},
  pages={1339--1350},
  year={1995},
  publisher={Wiley Online Library}
}

@article{shirts2008statistically,
  title={Statistically optimal analysis of samples from multiple equilibrium states},
  author={Shirts, Michael R and Chodera, John D},
  journal={The Journal of chemical physics},
  volume={129},
  number={12},
  pages={124105},
  year={2008},
  publisher={American Institute of Physics}
}


@article{russo2020iterative,
  title={Iterative trajectory reweighting for estimation of equilibrium and non-equilibrium observables},
  author={Russo, John D and Copperman, Jeremy and Zuckerman, Daniel M},
  journal={arXiv preprint arXiv:2006.09451},
  year={2020}
}
@article{donati2017girsanov,
  title={Girsanov reweighting for path ensembles and {M}arkov state models},
  author={Donati, Lorenzo and Hartmann, Carsten and Keller, Bettina G},
  journal={The Journal of chemical physics},
  volume={146},
  number={24},
  pages={244112},
  year={2017},
  publisher={AIP Publishing LLC}
}


@article{schutte2015critical,
  title={A critical appraisal of {M}arkov state models},
  author={Sch{\"u}tte, Ch and Sarich, Marco},
  journal={The European Physical Journal Special Topics},
  volume={224},
  number={12},
  pages={2445--2462},
  year={2015},
  publisher={Springer}
}

@article{wu2014statistically,
  title={Statistically optimal analysis of state-discretized trajectory data from multiple thermodynamic states},
  author={Wu, Hao and Mey, Antonia SJS and Rosta, Edina and No{\'e}, Frank},
  journal={The Journal of Chemical Physics},
  volume={141},
  number={21},
  pages={12B629\_1},
  year={2014},
  publisher={American Institute of Physics}
}

@article{wu2016multiensemble,
  title={Multiensemble {M}arkov models of molecular thermodynamics and kinetics},
  author={Wu, Hao and Paul, Fabian and Wehmeyer, Christoph and No{\'e}, Frank},
  journal={Proceedings of the National Academy of Sciences},
  volume={113},
  number={23},
  pages={E3221--E3230},
  year={2016},
  publisher={National Acad Sciences}
}


@article{brotzakis2020method,
  title={A method of incorporating rate constants as kinetic constraints in molecular dynamics simulations},
  author={Brotzakis, Z Faidon and Vendruscolo, Michele and Bolhuis, Peter and others},
  journal={arXiv preprint arXiv:2006.00868},
  year={2020}
}

@article{dixit2015inferring,
  title={Inferring transition rates of networks from populations in continuous-time {M}arkov processes},
  author={Dixit, Purushottam D and Jain, Abhinav and Stock, Gerhard and Dill, Ken A},
  journal={Journal of chemical theory and computation},
  volume={11},
  number={11},
  pages={5464--5472},
  year={2015},
  publisher={ACS Publications}
}

@article{dixit2018maximum,
  title={Maximum entropy framework for inference of cell population heterogeneity in signaling networks},
  author={Dixit, Purushottam D and Lyashenko, Eugenia and Niepel, Mario and Vitkup, Dennis},
  journal={bioRxiv},
  pages={137513},
  year={2018},
  publisher={Cold Spring Harbor Laboratory}
}

@article{meral2018efficient,
  title={An efficient strategy to estimate thermodynamics and kinetics of {G} protein-coupled receptor activation using metadynamics and maximum caliber},
  author={Meral, Derya and Provasi, Davide and Filizola, Marta},
  journal={The Journal of chemical physics},
  volume={149},
  number={22},
  pages={224101},
  year={2018},
  publisher={AIP Publishing LLC}
}

@article{ghosh2020maximum,
  title={The {M}aximum {C}aliber Variational Principle for Nonequilibria},
  author={Ghosh, Kingshuk and Dixit, Purushottam D and Agozzino, Luca and Dill, Ken A},
  journal={Annual Review of Physical Chemistry},
  volume={71},
  pages={213--238},
  year={2020},
  publisher={Annual Reviews}
}
@article{radu2017enhanced,
  title={Enhanced crystal growth in binary {L}ennard-{J}ones mixtures},
  author={Radu, Marc and Kremer, Kurt},
  journal={Physical Review Letters},
  volume={118},
  number={5},
  pages={055702},
  year={2017},
  publisher={APS}
}

@article{lander2013crystallization,
  title={Crystallization in a sheared colloidal suspension},
  author={Lander, Boris and Seifert, Udo and Speck, Thomas},
  journal={The Journal of chemical physics},
  volume={138},
  number={22},
  pages={224907},
  year={2013},
  publisher={American Institute of Physics}
}

@article{smrek2017small,
  title={Small activity differences drive phase separation in active-passive polymer mixtures},
  author={Smrek, Jan and Kremer, Kurt},
  journal={Physical review letters},
  volume={118},
  number={9},
  pages={098002},
  year={2017},
  publisher={APS}
}

@article{cugliandolo1993analytical,
  title={Analytical solution of the off-equilibrium dynamics of a long-range spin-glass model},
  author={Cugliandolo, Leticia F and Kurchan, Jorge},
  journal={Physical Review Letters},
  volume={71},
  number={1},
  pages={173},
  year={1993},
  publisher={APS}
}

@article{knoch2017nonequilibrium,
  title={Nonequilibrium {M}arkov state modeling of the globule-stretch transition},
  author={Knoch, Fabian and Speck, Thomas},
  journal={Physical Review E},
  volume={95},
  number={1},
  pages={012503},
  year={2017},
  publisher={APS}
}
@article{knoch2019non,
  title={Non-equilibrium {M}arkov state modeling of periodically driven biomolecules},
  author={Knoch, Fabian and Speck, Thomas},
  journal={The Journal of chemical physics},
  volume={150},
  number={5},
  pages={054103},
  year={2019},
  publisher={AIP Publishing LLC}
}

@book{goldbeter1997biochemical,
  title={Biochemical oscillations and cellular rhythms: the molecular bases of periodic and chaotic behaviour},
  author={Goldbeter, Albert},
  year={1997},
  publisher={Cambridge university press}
}

@article{schliwa2003molecular,
  title={Molecular motors},
  author={Schliwa, Manfred and Woehlke, G{\"u}nther},
  journal={Nature},
  volume={422},
  number={6933},
  pages={759--765},
  year={2003},
  publisher={Nature Publishing Group}
}

@article{warren2018trajectory,
  title={Trajectory reweighting for non-equilibrium steady states},
  author={Warren, Patrick B and Allen, Rosalind J},
  journal={Molecular Physics},
  volume={116},
  number={21-22},
  pages={3104--3113},
  year={2018},
  publisher={Taylor \& Francis}
}

@misc{noe2019markov,
  title={Markov models of molecular kinetics},
  author={No{\'e}, Frank and Rosta, Edina},
  year={2019},
  publisher={AIP Publishing LLC}
}

@incollection{jiao2017single,
  title={Single-molecule protein folding experiments using high-precision optical tweezers},
  author={Jiao, Junyi and Rebane, Aleksander A and Ma, Lu and Zhang, Yongli},
  booktitle={Optical Tweezers},
  pages={357--390},
  year={2017},
  publisher={Springer}
}
@article{fillingame1999molecular,
  title={Molecular rotary motors},
  author={Fillingame, Robert H},
  journal={Science},
  volume={286},
  number={5445},
  pages={1687--1688},
  year={1999},
  publisher={American Association for the Advancement of Science}
}

@article{radhakrishnan2003nucleation,
  title={Nucleation of hexagonal ice ({I} h) in liquid water},
  author={Radhakrishnan, Ravi and Trout, Bernhardt L},
  journal={Journal of the American Chemical Society},
  volume={125},
  number={25},
  pages={7743--7747},
  year={2003},
  publisher={ACS Publications}
}
@article{tobik2017free,
  title={Free-energy landscapes in magnetic systems from metadynamics},
  author={T{\'o}bik, Jaroslav and Marto{\v{n}}{\'a}k, Roman and Cambel, Vladim{\'\i}r},
  journal={Physical Review B},
  volume={96},
  number={14},
  pages={140413},
  year={2017},
  publisher={APS}
}

@article{noe2017collective,
  title={Collective variables for the study of long-time kinetics from molecular trajectories: theory and methods},
  author={No{\'e}, Frank and Clementi, Cecilia},
  journal={Current Opinion in Structural Biology},
  volume={43},
  pages={141--147},
  year={2017},
  publisher={Elsevier}
}

@article{bolhuis2000reaction,
  title={Reaction coordinates of biomolecular isomerization},
  author={Bolhuis, Peter G and Dellago, Christoph and Chandler, David},
  journal={Proceedings of the National Academy of Sciences},
  volume={97},
  number={11},
  pages={5877--5882},
  year={2000},
  publisher={National Acad Sciences}
}
@article{valsson2016enhancing,
  title={Enhancing important fluctuations: Rare events and metadynamics from a conceptual viewpoint},
  author={Valsson, Omar and Tiwary, Pratyush and Parrinello, Michele},
  journal={Annual review of physical chemistry},
  volume={67},
  pages={159--184},
  year={2016},
  publisher={Annual Reviews}
}
@article{perilla2015molecular,
  title={Molecular dynamics simulations of large macromolecular complexes},
  author={Perilla, Juan R and Goh, Boon Chong and Cassidy, C Keith and Liu, Bo and Bernardi, Rafael C and Rudack, Till and Yu, Hang and Wu, Zhe and Schulten, Klaus},
  journal={Current opinion in structural biology},
  volume={31},
  pages={64--74},
  year={2015},
  publisher={Elsevier}
}


@misc{rudzinski2016communication,
  title={Communication: Consistent interpretation of molecular simulation kinetics using {M}arkov state models biased with external information},
  author={Rudzinski, Joseph F and Kremer, Kurt and Bereau, Tristan},
  year={2016},
  publisher={AIP Publishing LLC}
}

@article{crooks1999entropy,
  title={Entropy production fluctuation theorem and the nonequilibrium work relation for free energy differences},
  author={Crooks, Gavin E},
  journal={Physical Review E},
  volume={60},
  number={3},
  pages={2721},
  year={1999},
  publisher={APS}
}

@article{labouvie2015non,
  title={Non-equilibrium steady-states in a driven-dissipative superfluid},
  author={Labouvie, Ralf and Santra, Bodhaditya and Heun, Simon and Ott, Herwig},
  journal={arXiv preprint arXiv:1507.05007},
  year={2015}
}

@book{frenkel2001understanding,
  title={Understanding molecular simulation: from algorithms to applications},
  author={Frenkel, Daan and Smit, Berend},
  volume={1},
  year={2001},
  publisher={Elsevier}
}
@incollection{heermann1990computer,
  title={Computer-simulation methods},
  author={Heermann, Dieter W},
  booktitle={Computer Simulation Methods in Theoretical Physics},
  pages={8--12},
  year={1990},
  publisher={Springer}
}

@book{holm2008advanced,
  title={Advanced computer simulation approaches for soft matter sciences III},
  author={Holm, Christian and Kremer, Kurt},
  volume={221},
  year={2008},
  publisher={Springer}
}

@book{gibbs1902elementary,
  title={Elementary principles in statistical mechanics: developed with especial reference to the rational foundations of thermodynamics},
  author={Gibbs, Josiah Willard},
  year={1902},
  publisher={C. Scribner's sons}
}

@article{seifert2012stochastic,
  title={Stochastic thermodynamics, fluctuation theorems and molecular machines},
  author={Seifert, Udo},
  journal={Reports on progress in physics},
  volume={75},
  number={12},
  pages={126001},
  year={2012},
  publisher={IOP Publishing}
}

@article{kawamura1998dynamical,
  title={Dynamical simulation of spin-glass and chiral-glass orderings in three-dimensional {H}eisenberg spin glasses},
  author={Kawamura, Hikaru},
  journal={Physical review letters},
  volume={80},
  number={24},
  pages={5421},
  year={1998},
  publisher={APS}
}
@article{schwantes2013improvements,
  title={Improvements in {M}arkov state model construction reveal many non-native interactions in the folding of {NTL}9},
  author={Schwantes, Christian R and Pande, Vijay S},
  journal={Journal of chemical theory and computation},
  volume={9},
  number={4},
  pages={2000--2009},
  year={2013},
  publisher={ACS Publications}
}

@article{bolhuis2002transition,
  title={Transition path sampling: Throwing ropes over rough mountain passes, in the dark},
  author={Bolhuis, Peter G and Chandler, David and Dellago, Christoph and Geissler, Phillip L},
  journal={Annual review of physical chemistry},
  volume={53},
  number={1},
  pages={291--318},
  year={2002},
  publisher={Annual Reviews 4139 El Camino Way, PO Box 10139, Palo Alto, CA 94303-0139, USA}
}

@article{warmflash2007umbrella,
  title={Umbrella sampling for nonequilibrium processes},
  author={Warmflash, Aryeh and Bhimalapuram, Prabhakar and Dinner, Aaron R},
  journal={The Journal of chemical physics},
  volume={127},
  number={15},
  pages={114109},
  year={2007},
  publisher={American Institute of Physics}
}
@book{jaynes2003probability,
  title={Probability theory: The logic of science},
  author={Jaynes, Edwin T},
  year={2003},
  publisher={Cambridge university press}
}

@book{hill2005free,
  title={Free energy transduction and biochemical cycle kinetics},
  author={Hill, Terrell L},
  year={2005},
  publisher={Courier Corporation}
}


@article{chodera2011dynamical,
  title={Dynamical reweighting: Improved estimates of dynamical properties from simulations at multiple temperatures},
  author={Chodera, John D and Swope, William C and No{\'e}, Frank and Prinz, Jan-Hendrik and Shirts, Michael R and Pande, Vijay S},
  journal={The Journal of chemical physics},
  volume={134},
  number={24},
  pages={06B612},
  year={2011},
  publisher={American Institute of Physics}
}

@article{tiwary2016spectral,
  title={Spectral gap optimization of order parameters for sampling complex molecular systems},
  author={Tiwary, Pratyush and Berne, BJ},
  journal={Proceedings of the National Academy of Sciences},
  volume={113},
  number={11},
  pages={2839--2844},
  year={2016},
  publisher={National Acad Sciences}
}


@article{smith2018multi,
  title={Multi-dimensional spectral gap optimization of order parameters {(SGOOP)} through conditional probability factorization},
  author={Smith, Zachary and Pramanik, Debabrata and Tsai, Sun-Ting and Tiwary, Pratyush},
  journal={The Journal of Chemical Physics},
  volume={149},
  number={23},
  pages={234105},
  year={2018},
  publisher={AIP Publishing LLC}
}

@article{chaimovich2010relative,
  title={Relative entropy as a universal metric for multiscale errors},
  author={Chaimovich, Aviel and Shell, M Scott},
  journal={Physical Review E},
  volume={81},
  number={6},
  pages={060104},
  year={2010},
  publisher={APS}
}
